@Book{Bertino11,
    author    = {Bertino, E. and Takahashi, K.},
    title     = {Identity Management. Concepts, Technologies, and Systems},
    year      = {2011},
    publisher = {ARTECH HOUSE},
    address   = {Norwood}
}

@TechReport{Itu09,
	title = {NGN identity management framework},
	institution = {TELECOMMUNICATION STANDARDIZATION SECTOR OF ITU},
	year = {2009},
	number = {Recommendation ITU-T Y.2720}
}

@TechReport{Wisniewski05,
	author = {Wisniewski, T. and Nadalin, T. and Cantor, S. and Hodges, J. and Mishra, P.},
	title = {SAML V2.0 Executive Overview},
	institution = {OASIS},
	year = {2005},
	number = {sstc-saml-exec-overview-2.0-cd-01}
}

@TechReport{Oracle10,
	title = {Securing Web Services Using ID-WSF},
	institution = {Oracle Corporation},
	year = {2010},
	number = {http://docs.oracle.com/cd/E19575-01/820-3746/ghfgd/index.html}
}

@Book{Lawler08,
    author    = {Lawler, J. and Howell-Barber, H.},
    title     = {Service-Oriented Architecture: SOA Strategy, Methodology, and Technology}
    year      = {2008},
    publisher = {Auerbach Publications},
    address   = {Boca Raton}
}

@Article{Papazoglou07,
	author = {Papazoglou, M. and van den Heuvel, W.},
	title = {Service oriented architectures: approaches, technologies and research issues},
	journal = {The VLDB Journal},
	year = {2007}
}

@InProceedings{Szychowiak09,
	author = {Szychowiak, M.},
	title = {Problemy bezpieczeństwa w architekturze SOA},
	year = {2009},
}

@Article{Kolaczek09,
	author = {Kołaczek, G. and Wasilewski, A.},
	title = {Software Security in the Model for Service Oriented Architecture Quality},
	year = {2009}
}

@TechReport{Hallam03,
	author = {Hallam-Baker, P. and Kaler, C. and Monzillo, R. and Nadalin, A.},
	title = {Web Services Security: SOAP Message Security},
	institution = {OASIS},
	year = {2003},
	number = {WSS: SOAP Message Security -13}
}

@TechReport{WS-Trust-1.4-with-errata,
	author = {Nadalin ,A. and Goodner, M. and Gudgin, M. and Turner, D. and Barbir, A. and Granqvist, H.},
	title = {WS-Trust 1.4},
	institution = {OASIS Web Services Secure Exchange (WS-SX) TC},
	year = {2012},
	number = {WS-Trust-1.4-with-errata}
}

@TechReport{Hardt12,
	author = {Hardt, A.},
	title = {The OAuth 2.0 Authorization Framework}
	institution = {Internet Engineering Task Force},
	year = {2012},
	number = {RFC 6749}
}

@TechReport{Goodner09,
	author = {Goodner, M. and Nadalin, A},
	title = {Web Services Federation Language (WSFederation) Version 1.2}
	institution = {OASIS Web Services Federation (WSFED) TC},
	year = {2009},
	number = {ws-federation-1.2-spec-os}
}

@ONLINE{Lofthouse12,
	author = {Lofthouse, D. and Wolf-Dieter, F.},
	title = {Security subsystem configuration},
	month = nov,
	year = {2012},
	url = {https://docs.jboss.org/author/display/AS7/Security+subsystem+configuration}
}

@Book{Garman03,
    author    = {Garman, J.},
    title     = {Kerberos: The Definitive Guide},
    year      = {2003},
    publisher = {O'Reilly},
    address   = {Sebastopol}
}

@ONLINE{ZyTrax13,
	author = {ZyTrax, I.},
	title = {LDAP for Rocket Scientists},
	month = mar,
	year = {2013},
	url = {http://www.zytrax.com/books/ldap/}
}

@ONLINE{PicketLink13,
	author = {PicketLink},
	title = {PicketLink Reference Documentation},
	year = {2013},
	url = {http://docs.jboss.org/picketlink/2/2.1.7.Final/reference/pdf/picketlink-reference-guide.pdf}
}

@Article{Arsanjani07,
	author = {Arsanjani, A. and Zhang, L. and Ellis, M. and Allam, A. and Channabasavaiah, K.},
	title = {Design an SOA solution using a reference architecture},
	year = {2007}
}

@Book{Russell91,
    author    = {Russell, D.},
    title     = {Computer Security Basics},
    year      = {1991},
    publisher = {O'Reilly Media}
}

@Article{Kajan04,
	author = {Kajan, E.},
	title = {The Maturity of Open Systems for B2B},
	year = {2004}
}

@TechReport{Oracle13,
	title = {Java Security Overview},
	institution = {Oracle Corporation},
	year = {2013},
	number = {http://docs.oracle.com/javase/7/docs/technotes/guides/security/overview/jsoverview.html}
}

@TechReport{Oracle12,
	title = {Introduction to Security in the Java EE Platform},
	institution = {Oracle Corporation},
	year = {2012},
	number = {http://docs.oracle.com/javaee/7/tutorial/doc/security-intro.htm}
}

@Book{Dikmans12,
  title={SOA Made Simple},
  author={Dikmans, L. and Van Luttikhuizen, R.},
  isbn={9781849684170},
  series={Professional expertise distilled},
  year={2012},
  publisher={Packt Publishing, Limited}
}

@Book{kanneganti2008soa,
  title={Soa Security},
  author={Kanneganti, R. and Chodavarapu, P.},
  isbn={9788177228809},
  year={2008},
  publisher={Dreamtech Press}
}

@Book{Rhoton09,
  title={Cloud Computing Explained},
  author={Rhoton, J.},
  isbn={9780956355607},
  year={2009},
  publisher={Recursive Limited}
}

@TechReport{PCI13,
  author = {Cloud Special Interest Group},
  title = {PCI Data Security Standard (PCI DSS) Information Supplement: PCI DSS Cloud Computing Guidelines},
  institution = {PCI Security Standards Council},
  year = {2013}
}

@Article{Vaquero,
 author = {Vaquero, Luis M. and Rodero-Merino, Luis and Caceres, Juan and Lindner, Maik},
 title = {A Break in the Clouds: Towards a Cloud Definition},
 journal = {SIGCOMM Comput. Commun. Rev.},
 issue_date = {January 2009},
 volume = {39},
 number = {1},
 month = dec,
 year = {2008},
 issn = {0146-4833},
 pages = {50--55},
 numpages = {6},
 publisher = {ACM},
 address = {New York, NY, USA},
} 

@Manual{OS14,
  author = {Red Hat OpenShift Documentation Team},
  title = {OpenShift Online User Guide, Managing Applications in the Cloud with OpenShift Online},
  year = {2014}
}

@TechReport{JWE14,
  author = {Jones, M. and Hildebrand, J.},
  title = {JSON Web Encryption (JWE)},
  institution = {IETF},
  url = {http://tools.ietf.org/html/draft-ietf-jose-json-web-encryption-25},
  year = {2014}
}

@TechReport{JWS14,
  author = {Jones, M. and Bradley, J. and Sakimura, N.},
  title = {JSON Web Signature (JWS)},
  institution = {IETF},
  url = {http://tools.ietf.org/html/draft-ietf-jose-json-web-signature-25},
  year = {2014}
}

@Book{Lam92,
author = {Lamport, L.},
title = {LaTeX system przygotowywania dokumentów},
publisher = {Wydawnictwo Ariel},
year = {1992},
address = {Krakow}
}

@Book{Dil00,
author = {Diller, A.},
title = {LaTeX wiersz po wierszu},
publisher = {Wydawnictwo Helion},
year = {2000},
address = {Gliwice}
}

@Manual{ARM06,
title = {Ada Reference Manual {ISO}/{IEC} 8652:200y({E}) {E}d. 3},
organization = {Ada Europe},
year = {2006}
}

@Article{BuDo03,
author = {Burns, A. and Dobbing, B.},
title = {The {R}avenscar {P}rofile for Real--Time and High Integrity Systems},
journal = {Cross{T}alk},
year = {2003},
volume = {16},
number = {11},
pages = {9-12}
}



@InProceedings{PeDa04,
author = {Peleska, J. and Große, D. and Haxthausen, A. E. and Drechsler, R.},
title = {Automated Verification for Train Control Systems},
booktitle = {Proc. of the 5th Symposium on Formal Methods for Automation and Safety in Railway and Automotive Systems (FORMS/FORMAT 2004)},
year = {2004},
pages = {252-265},
address = {Braunschweig, Germany},
month = {December}
}

@TechReport{BuDoVa03,
author = {Burns, A. and Dobbing, B. and Vardanega, T.},
title = {Guide for the Use of the Ada Ravenscar Profile in High Integrity Systems},
institution = {University of York},
year = {2003},
number = {YCS-2003-348}
}



@manual{Alvis2011,
	organization = {AGH University of Science and Technology},
	year = {2011},
	title = {{On Line Alvis Manual}},
	note = {\\\texttt{http://fm.ia.agh.edu.pl/alvis:manual}},
	author = {Szpyrka, M.}
}
